
@book{Rubin2012,
author = {Rubin, Kenneth S},
edition = {1st},
isbn = {0137043295, 9780137043293},
publisher = {Addison-Wesley Professional},
title = {{Essential Scrum: A Practical Guide to the Most Popular Agile Process}},
year = {2012}
}

@misc{UR5manual,
year = {2009},
publisher = {Universal Robots A/S},
howpublished = {ver 3.0 \url{https://www.usna.edu/Users/weaprcon/kutzer/\_files/documents/User\%20Manual,\%20UR5.pdf}},
title = {{UR5 User Manual}},
pages = {15,47},
}

