 \usepackage{url}
 
@misc{Lant2010,
author = {Lant, Michael},
booktitle = {Software Development, Agile Methods and the Intersection of People Process and Technology},
title = {{How To Make Your Project Not Suck by Using an Agile Project Charter}},
url = {http://michaellant.com/2010/05/18/how-to-make-your-project-not-suck/},
year = {2010}
}
@book{Rubin2012,
author = {Rubin, Kenneth S},
edition = {1st},
isbn = {0137043295, 9780137043293},
publisher = {Addison-Wesley Professional},
title = {{Essential Scrum: A Practical Guide to the Most Popular Agile Process}},
year = {2012}
}
@techreport{,
institution = {U.S. Department of Defense},
pages = {2--7},
title = {{DOD Sample Phase I Proposal}},
url = {http://www.acq.osd.mil/osbp/sbir/sb/resources/sample-proposals.shtml},
year = {2011}
}
%%%%%%%%%%%%%%%%%%%%%%%%%%%%%%%%%%%%%%%%%%%%%%%%%%%%%%%%%%%%%%%%%%%%%%%%%%%%%%%%%%%%%%%%
% OUR CITATIONS - UR5
%%%%%%%%%%%%%%%%%%%%%%%%%%%%%%%%%%%%%%%%%%%%%%%%%%%%%%%%%%%%%%%%%%%%%%%%%%%%%%%%%%%%%%%%
@misc{Thiele2015,
title = {{Checkers Playing Robot Arm}},
year = {2015},
publisher = {Youtube},
author = {Thiele, Alex},
howpublished={\url{https://www.youtube.com/watch?v=wIeP1g6ww\_g}}
}

@techreport{Angelkov2015,
institution = {Faculty of Computer Science, University Goce Delcev - Stip},
pages = {45--51},
author = {Dimitrija Angelkov and Natasa Koceska and Saso Koceski},
title = {{International Journal of Engineering Issues, Automated Chess Playing with a Robot Manipulator}},
url = {https://www.researchgate.net/publication/289673234_Automated_Chess_Playing_with_a_Robot_Manipulator},
year = {2015}
}

@techreport{Mohammed2021,
institution = {Multimedia University},
pages = {493--499},
author = {Marwan Qaid Mohammed and Lee Chung Kwek and Shing Chyi Chua},
title = {{International Journal of Advanced Computer Science and Applications, Learning Pick to Place Objects using Self-Supervised Learning with Minimal Training and Resources}},
url = {https://pdfs.semanticscholar.org/b7bd/dbfb3a3e9b8726e1ae075f0c22614db55fd3.pdf},
year = {2021}
}

@misc{Ard2020,
title = {{Voice Controlled Chess Robot}},
year = {2020},
publisher = {GitHub},
author = {William Ard},
howpublished={\url{https://github.com/will042/chess\_robot}}
}

@techreport{Kopets2020,
institution = {Youth Research Institute and Polytechnic Department of Engineering and Architecture},
author = {Ekaterina E. Kopets and Artur I. Karimov and Georgii Y. Kolev and Lorenzo Scalera and Denis N. Butusov},
title = {{Interactive Robot for Playing Russian Checkers}},
url = {https://www.mdpi.com/2218-6581/9/4/107/htm},
year = {2020}
}